% This file was created with JabRef 2.9.2.
% Encoding: Cp1252

@article{Sen2013,
 author = {Sen, Soumya and Joe-Wong, Carlee and Ha, Sangtae and Chiang, Mung},
 title = {A Survey of Smart Data Pricing: Past Proposals, Current Plans, and Future Trends},
 journal = {ACM Comput. Surv.},
 issue_date = {November 2013},
 volume = {46},
 number = {2},
 month = nov,
 year = {2013},
 issn = {0360-0300},
 pages = {15:1--15:37},
 articleno = {15},
 numpages = {37},
 url = {http://doi.acm.org/10.1145/2543581.2543582},
 doi = {10.1145/2543581.2543582},
 acmid = {2543582},
 publisher = {ACM},
 address = {New York, NY, USA},
 keywords = {Congestion, broadband pricing, data plans, economics},
} 

@misc{Evans2011,
author={Evans, Dave},
title={The Internet of Things. How the Next Evolution of the Internet Is Changing Everything},
url={http://www.cisco.com/web/about/ac79/docs/innov/IoT_IBSG_0411FINAL.pdf},
journal={Cisco},
publisher = {Cisco Internet Business Solutions Group (IBSG)},
year={2011}
}

@ARTICLE{Cheboldaeff2011, 
author={Cheboldaeff, M.}, 
journal={Communications Magazine, IEEE}, 
title={Service charging challenges in converged networks}, 
year={2011}, 
month={January}, 
volume={49}, 
number={1}, 
pages={118-123}, 
keywords={mobile radio;multimedia communication;tariffs;telephony;charging model;converged networks;fixed telephony networks;mobile networks;multimedia networks;online charging systems;telecommunications networks;Convergence;Handheld computers;Internet;Layout;Mobile communication;Real time systems}, 
doi={10.1109/MCOM.2011.5681024}, 
ISSN={0163-6804}}

@INPROCEEDINGS{Kimbler2012, 
author={Kimbler, K. and Taylor, M.}, 
booktitle={Intelligence in Next Generation Networks (ICIN), 2012 16th International Conference on}, 
title={Value added mobile broadband services Innovation driven transformation of the smart pipe}, 
year={2012}, 
month={Oct}, 
pages={30-34}, 
keywords={broadband networks;mobility management (mobile radio);profitability;telecommunication traffic;content optimization technology;data bundled-with-Internet-applications;data charging;data profitability;data revenue;data traffic;deep packet inspection;demographically segmented packages;mobile broadband data;mobile operator businesses;personalized data packages;sender-pays content models;service-based charging;smart pipe innovation;traffic management;value added data services;value added mobile broadband services;Bandwidth;Broadband communication;Business;Data models;Mobile communication;Mobile computing;Profitability;DPI;business models;content optimization;data traffic management;mobile broadband;mobile data services;policy management;service innovation}, 
doi={10.1109/ICIN.2012.6376030}}

@misc{Sandvine2014,
author={Sandvine},
title={Success Story: A Million Reasons to Select Vox Telecom},
url={https://www.sandvine.com/downloads/general/success-stories/a-million-reasons-to-select-vox-telecom.pdf},
year={2014}
}

@misc{ChinaMobile2015,
author={Hk.chinamobile.com,},
title={Lite Data Service Plans},
url={https://www.hk.chinamobile.com/en/services_plan/Lite_Data/},
year={2015}
}

@ARTICLE{Ezziane2005, 
author={Ezziane, Z.}, 
journal={Communications Surveys Tutorials, IEEE}, 
title={Charging and pricing challenges for 3G systems}, 
year={2005}, 
month={Fourth}, 
volume={7}, 
number={4}, 
pages={58-68}, 
keywords={Character generation;Educational institutions;Europe;Mediation;Pricing;Quality of service;Streaming media;Telecommunications;Usability;Wireless networks}, 
doi={10.1109/COMST.2005.1593280}, 
ISSN={1553-877X},}


@MISC{Sen2013_2,
    author = {Soumya Sen and Carlee Joe-wong and Sangtae Ha and Mung Chiang},
    title = {Smart Data Pricing (SDP): Economic Solutions to Network Congestion},
    year={2013}, 
    month={Fourth}
}


@book{Elitecore2012,
author={Elitecore Technologies,},
title={Whitepaper: A Hand-book of emerging Policy Management use cases},
place={Ahmedabad, India},
url={http://techlibrary.informationweek.com/whitepaper/asset/detail/110443},
year={2012}
}

@INPROCEEDINGS{Hart2013, 
author={Hart, J. and Brown, R.}, 
booktitle={Intelligence in Next Generation Networks (ICIN), 2013 17th International Conference on}, 
title={What LTE policy control features can operators execute to differentiate themselves from OTT players?}, 
year={2013}, 
month={Oct}, 
pages={16-22}, 
keywords={Long Term Evolution;radio access networks;telecommunication control;LTE policy control;LTE radio access technology;OTT players;evolved packet core architecture;mobile network operators;policy and charging rules function;Bandwidth;Bit rate;Delays;Long Term Evolution;Mobile communication;Mobile computing;Quality of service;Bearer;EPC;LTE;MNO;OTT;PCRF;Policy Control;QoS;VAS;VoLTE}, 
doi={10.1109/ICIN.2013.6670889},}


@misc{Sandvine2014_2,
author={Sandvine},
title={Increasing Revenue with Innovative Consumer Services: Overview},
url={https://www.sandvine.com/downloads/general/solutions/revenue-generation/consumer-services-overview.pdf},
year={2014}
}

@misc{Alcatel2014,
author={Alcatel},
title={Monetize Over-The-Top Mobile Applications},
url={http://www.tmcnet.com/tmc/whitepapers/documents/whitepapers/2014/10718-monetize-over-the-top-mobile-applications.pdf},
year={2014}
}

@misc{Allot2014,
author={Allot Communications},
title={Delivering Digital Lifestyle Services},
url={http://47maz93acasm1hwicm2d3sw7.wpengine.netdna-cdn.com/wp-content/uploads/Service_Provider_Use_Case_Booklet_12-2014.pdf},
year={2014}
}

@article{Gupta2013,
author={Gupta, Rahul and Parida, Shantipriya},
title={Challenges and Opportunities: Mobile Broadband},
volume={2},
url={http://www.ijfcc.org/papers/247-N012.pdf},
DOI={10.7763/IJFCC.2013.V2.247},
number={No 6},
journal={International Journal of Future Computer and Communication},
year={2013},
pages={660-664}
}

@article{Chan1998,
 author = {Chan, William and Anderson, Richard J. and Beame, Paul and Burns, Steve and Modugno, Francesmary and Notkin, David and Reese, Jon D.},
 title = {Model Checking Large Software Specifications},
 journal = {IEEE Trans. Softw. Eng.},
 issue_date = {July 1998},
 volume = {24},
 number = {7},
 month = jul,
 year = {1998},
 issn = {0098-5589},
 pages = {498--520},
 numpages = {23},
 url = {http://dx.doi.org/10.1109/32.708566},
 doi = {10.1109/32.708566},
 acmid = {631224},
 publisher = {IEEE Press},
 address = {Piscataway, NJ, USA},
 keywords = {Formal methods, state-based specifications, requirements, statecharts, symbolic model checking, binary decision diagrams, software verification.},
} 

@article{Vardi1986,
  title={An automata-theoretic approach to automatic program verification},
  author={Vardi, Moshe Y and Wolper, Pierre},
  journal={1st Symposium in Logic in Computer Science (LICS)},
  pages={322--331},
  year={1986},
  organization={IEEE Computer Society}
}

@article{holzmann2000spin,
  title={SPIN model checking: an introduction},
  author={Holzmann, Gerard and Najm, Eli and Serhrouchni, Ahmed},
  journal={International Journal on Software Tools for Technology Transfer (STTT)},
  volume={2},
  number={4},
  pages={321--327},
  year={2000},
  publisher={Springer}
}

@INPROCEEDINGS{Gerth1995,
    author = {Rob Gerth and Doron Peled and Moshe Y. Vardi and R. Gerth and Den Dolech Eindhoven and D. Peled and M. Y. Vardi and Pierre Wolper},
    title = {Simple On-the-fly Automatic Verification of Linear Temporal Logic},
    booktitle = {In Protocol Specification Testing and Verification},
    year = {1995},
    pages = {3--18},
    publisher = {Chapman and Hall}
}

@MISC{Holzmann1996,
    author = {G. J. Holzmann and D. Peled and M. Yannakakis},
    title = { On Nested Depth First Search},
    year = {1996}
}

@book{Schneider2004,
author={Schneider, Klaus},
title={Verification of reactive systems},
place={Berlin},
publisher={Springer-Verlag},
year={2004}
}

@techreport{rfc1102,
   author={Clark, David D},
   title={Policy routing in Internet protocols},
   TYPE="{RFC}",
   NUMBER=1102,
   PAGES = {1-22},
   YEAR = {1989},
   PUBLISHER = "{Network Working Group}",
   INSTITUTION = "{M.I.T. Laboratory for Computer Science}",
   URL={https://tools.ietf.org/rfc/rfc1102.txt}
}

@article{strassner1998policy,
  title={Policy framework definition language},
  author={Strassner, John and Schleimer, Stephen},
  year={1998}
}

@incollection{Sloman1999,
  year={1999},
  isbn={978-3-540-66238-9},
  booktitle={Active Networks},
  volume={1653},
  series={Lecture Notes in Computer Science},
  editor={Covaci, Stefan},
  doi={10.1007/978-3-540-48507-0_7},
  title={Policy Specification for Programmable Networks},
  url={http://dx.doi.org/10.1007/978-3-540-48507-0_7},
  publisher={Springer Berlin Heidelberg},
  author={Sloman, Morris and Lupu, Emil},
  pages={73-84},
  language={English}
}

@ARTICLE{Stone2001, 
  author={Stone, G.N. and Lundy, B. and Xie, G.G.}, 
  journal={Network, IEEE}, 
  title={Network policy languages: a survey and a new approach}, 
  year={2001}, 
  month={Jan}, 
  volume={15}, 
  number={1}, 
  pages={10-21}, 
  keywords={Internet;computer network management;formal languages;protocols;quality of service;telecommunication network routing;telecommunication security;IETF;Internet;QoS policies;best-effort service;bit level;differentiated services;integrated services;network flows;network management;network policy languages;packet filters;path-based policies;path-based policy language;policy conflicts detection;policy framework model;policy-based routing protocols;quality of service;security policies;survey;wild card characters;Cryptography;Filters;Information security;Intserv networks;NASA;Quality of service;Routing protocols;Telecommunication traffic;Virtual private networks;Web and internet services}, 
  doi={10.1109/65.898818}, 
  ISSN={0890-8044},
}

@INPROCEEDINGS{Albaladejo2008, 
  author={Albaladejo, A.D. and de Gouveia, F.C. and Corici, M.I. and Magedanz, T.}, 
  booktitle={Global Telecommunications Conference, 2008. IEEE GLOBECOM 2008. IEEE}, 
  title={The PCC Rule in the 3GPP IMS Policy and Charging Control Architecture}, 
  year={2008}, 
  month={Nov}, 
  pages={1-5}, 
  keywords={3G mobile communication;IP networks;multimedia communication;quality of service;3GPP IMS;IP multimedia subsystem;policy and charging control architecture;policy and charging enforcement function;policy and charging rules function;quality of service;Access control;Communication system control;Communications Society;Cost function;Data security;Next generation networking;Protocols;Prototypes;Quality of service}, 
  doi={10.1109/GLOCOM.2008.ECP.306}, 
  ISSN={1930-529X},
}

@article {Grgic2013,
  author = {Grgic, Tomislav and Matijasevic, Maja},
  title = {An overview of online charging in 3GPP networks: new ways of utilizing user, network, and service-related information},
  journal = {International Journal of Network Management},
  volume = {23},
  number = {2},
  issn = {1099-1190},
  url = {http://dx.doi.org/10.1002/nem.1816},
  doi = {10.1002/nem.1816},
  pages = {81--100}, 
  year = {2013},
}

@article{Duan2003,
  title={Proof search algorithms for detecting interactions in telecommunication features},
  author={Duan, Zhiping},
  year={2003},
  publisher={University of Ottawa (Canada).}
}

@incollection{Antoniou2007
year={2007},
isbn={978-0-387-27694-6},
booktitle={Secure Data Management in Decentralized Systems},
volume={33},
series={Advances in Information Security},
editor={Yu, Ting and Jajodia, Sushil},
doi={10.1007/978-0-387-27696-0_6},
title={Rule-based Policy Specification},
url={http://dx.doi.org/10.1007/978-0-387-27696-0_6},
publisher={Springer US},
author={Antoniou, Grigoris and Baldoni, Matteo and Bonatti, PieroA. and Nejdl, Wolfgang and Olmedilla, Daniel},
pages={169-216},
language={English}
}

@INPROCEEDINGS{Gawanmeh2012, 
author={Gawanmeh, A. and Tahar, S.}, 
booktitle={Electrical Computer Engineering (CCECE), 2012 25th IEEE Canadian Conference on}, 
title={Novel algorithm for detecting conflicts in firewall rules}, 
year={2012}, 
month={April}, 
pages={1-4}, 
keywords={computer network security;telecommunication traffic;communication system security;conflict detection;domain restriction;firewall configurations;firewall verification;firewalls rulebase formal model;network traffic;private network protection;Complexity theory;Computers;Conferences;Heuristic algorithms;IEEE Computer Society Press;IP networks;Security;Fireall security;Formal model;Formal verification;Rulebase conflict}, 
doi={10.1109/CCECE.2012.6334998}, 
ISSN={0840-7789}
}

@incollection{Abramowicz2010,
year={2010},
isbn={978-3-642-12813-4},
booktitle={Business Information Systems},
volume={47},
series={Lecture Notes in Business Information Processing},
editor={Abramowicz, Witold and Tolksdorf, Robert},
doi={10.1007/978-3-642-12814-1_10},
title={Consistency Checking of Compliance Rules},
url={http://dx.doi.org/10.1007/978-3-642-12814-1_10},
publisher={Springer Berlin Heidelberg},
keywords={Compliance Checking; Consistency Checking; Temporal Logic},
author={Awad, Ahmed and Weidlich, Matthias and Weske, Mathias},
pages={106-118},
language={English}
}

@INPROCEEDINGS{Hantry2011, 
author={Hantry, F. and Hacid, M.-S. and Thion, R.}, 
booktitle={Enterprise Distributed Object Computing Conference Workshops (EDOCW), 2011 15th IEEE International}, 
title={Detection of Conflicting Compliance Rules}, 
year={2011}, 
month={Aug}, 
pages={419-428}, 
keywords={Internet;business data processing;formal verification;Web-based dynamic systems;business environment;compliance rules conflict detection;contract-based system;depth-first-search model checking;formal methods;service-based system;Automata;Computational modeling;Contracts;Debugging;Insurance;Subscriptions;SAT solver;SMT;compliance;conflict;temporal logic;unsatisfiable core}, 
doi={10.1109/EDOCW.2011.57}
}