
@article{hart1968formal,
  title={A formal basis for the heuristic determination of minimum cost paths},
  author={Hart, P. E.; Nilsson, N. J.; and Raphael, B.},
  journal={IEEE Transactions on Systems Science and Cybernetics SSC},
  volume={4},
  number={2},
  pages={100--107},
  year={1968},
  publisher={IEEE}
}

@article{lelis2013predicting,
  title={Predicting the size of IDA* search tree},
  author={Lelis, Levi HS and Zilles, Sandra and Holte, Robert C},
  journal={Artificial Intelligence},
  volume={196},
  pages={53--76},
  year={2013},
  publisher={Elsevier}
}

@article{zahavi2010predicting,
  title={Predicting the performance of IDA* using conditional distributions},
  author={Zahavi, Uzi and Felner, Ariel and Burch, Neil and Holte, Robert C},
  journal={Journal of Artificial Intelligence Research},
  volume={37},
  number={1},
  pages={41--84},
  year={2010}
}

@article{korf2001time,
  title={Time complexity of iterative-deepening-A*},
  author={Korf, Richard E and Reid, Michael and Edelkamp, Stefan},
  journal={Artificial Intelligence},
  volume={129},
  number={1},
  pages={199--218},
  year={2001},
  publisher={Elsevier}
}

 @article{knuth1975Estimating,
  title={Estimating the efficiency of backtrack programs.},
  author={Donald E. Knuth},
  journal={Mathematic of Computation},
  volume={29},
  number={129},
  pages={121--136},
  year={1975}
}


@phdthesis{chen1989heuristic,
 author = {Chen, P.-C.},
 title = {Heuristic sampling on backtrack trees},
 year = {1989},
 order_no = {UMI Order No: GAX89-25842},
 publisher = {Stanford University},
 address = {Stanford, CA, USA}
 }
 
 @article{chen1992heuristic,
 author = {Chen, P.-C.},
 title = {Heuristic sampling: A method for predicting the performance of tree searching programs.},
 year = {1992},
 journal = {SIAM Journal on Computing},
 number = {21},
 pages = {295-315}
 }
 

@article{helmert2006fast,
  title={The Fast Downward Planning System.},
  author={Helmert, Malte},
  journal={J. Artif. Intell. Res.(JAIR)},
  volume={26},
  pages={191--246},
  year={2006}
}

 