@article{korf2001timecomplexity,
  title={Time complexity of iterative-deepening-A*},
  author={Korf, Richard E and Reid, Michael and Edelkamp, Stefan},
  journal={Artificial Intelligence},
  number={1},
  volume={129},
  pages={199--218},
  year={2001},
  publisher={Elsevier}
}

@article{hart1968formal,
  title={A formal basis for the heuristic determination of minimum cost paths},
  author={Hart, P. E.; Nilsson, N. J.; and Raphael, B.},
  journal={IEEE Transactions on Systems Science and Cybernetics SSC},
  volume={4},
  number={2},
  pages={100--107},
  year={1968},
  publisher={IEEE}
}

@article{lelis2013predicting,
  title={Predicting the size of IDA* search tree},
  author={Lelis, Levi HS and Zilles, Sandra and Holte, Robert C},
  journal={Artificial Intelligence},
  volume={196},
  pages={53--76},
  year={2013},
  publisher={Elsevier}
}

@article{zahavi2010predicting,
  title={Predicting the performance of IDA* using conditional distributions},
  author={Zahavi, Uzi and Felner, Ariel and Burch, Neil and Holte, Robert C},
  journal={Journal of Artificial Intelligence Research},
  volume={37},
  number={1},
  pages={41--84},
  year={2010}
}

 @article{knuth1975Estimating,
  title={Estimating the efficiency of backtrack programs.},
  author={Donald E. Knuth},
  journal={Mathematic of Computation},
  volume={29},
  number={129},
  pages={121--136},
  year={1975}
}


@article{Chen:1990:HSB:75678,
 author = {Chen, P.-C.},
 title = {Heuristic Sampling on Backtrack Trees},
 year = {1989},
 note = {UMI Order No: GAX89-25842},
 publisher = {Stanford University},
 address = {Stanford, CA, USA}
} 
 
 @article{chen1992heuristic,
 author = {Chen, P.-C.},
 title = {Heuristic sampling: A method for predicting the performance of tree searching programs.},
 year = {1992},
 journal = {SIAM Journal on Computing},
 pages = {295-315}
 }
 

@article{helmert2006fast,
  title={The Fast Downward Planning System.},
  author={Helmert, Malte},
  journal={J. Artif. Intell. Res.(JAIR)},
  volume={26},
  pages={191--246},
  year={2006}
}


@article{raynersss13,
 title = {Subset Selection of Search Heuristics},
 author = {Rayner, Chris and Sturtevant, Nathan and Bowling, Michael},
 journal = {Proceedings of the Twenty-Third International Joint Conference on Artificial Intelligence},
 year = {2013},
 location = {Beijing, China},
 pages = {637--643},
 numpages = {7}
} 

@article{Korf85ida,
    author = {Richard E. Korf},
    title = {Depth-first Iterative-Deepening: An Optimal Admissible Tree Search},
    journal = {Artificial Intelligence},
    year = {1985},
    volume = {27},
    pages = {97--109}
}

@article{BarleySantiagoOver,
  author = {Michael W. Barley and Santiago Franco and Patricia J. Riddle},
  title  = {Overcoming the Utility Problem in Heuristic Generation: Why Time Matters},
  journal = {Proceedings of the Twenty-Fourth International Conference on Automated Planning and Scheduling, {ICAPS} 2014, Portsmouth, New Hampshire, USA, June 21-26, 2014},
  year      = {2014}
}

@article{backstrom1995complexity,
  title={Complexity results for SAS+ planning},
  author={B{\"a}ckstr{\"o}m, Christer and Nebel, Bernhard},
  journal={Computational Intelligence},
  volume={11},
  number={4},
  pages={625--655},
  year={1995},
  publisher={Wiley Online Library}
}

@article{nemhauser1978analysis,
  title={An analysis of approximations for maximizing submodular set functions—I},
  author={Nemhauser, George L and Wolsey, Laurence A and Fisher, Marshall L},
  journal={Mathematical Programming},
  volume={14},
  number={1},
  pages={265--294},
  year={1978},
  publisher={Springer-Verlag}
}

@article{haslum2007domain,
  title={Domain-independent construction of pattern database heuristics for cost-optimal planning},
  author={Haslum, Patrik and Botea, Adi and Helmert, Malte and Bonet, Blai and Koenig, Sven},
  journal={AAAI},
  volume={7},
  pages={1007--1012},
  year={2007}
}

@incollection{edelkamp2007automated,
  title={Automated creation of pattern database search heuristics},
  author={Edelkamp, Stefan},
  booktitle={Model Checking and Artificial Intelligence},
  pages={35--50},
  year={2007},
  publisher={Springer Berlin Heidelberg}
}

@inproceedings{nissim2011computing,
  title={Computing perfect heuristics in polynomial time: On bisimulation and merge-and-shrink abstraction in optimal planning},
  author={Nissim, Raz and Hoffmann, J{\"o}rg and Helmert, Malte},
  booktitle={22nd International Joint Conference on Artificial Intelligence (IJCAI'11)},
  year={2011}
}

@inproceedings{domshlak2010max,
  title={To Max or Not to Max: Online Learning for Speeding Up Optimal Planning.},
  author={Domshlak, Carmel and Karpas, Erez and Markovitch, Shaul},
  booktitle={AAAI},
  year={2010}
}

@article{domshlak2011selmax,
  title={The SelMax planner: Online learning for speeding up optimal planning},
  author={Domshlak, Carmel and Helmert, Malte and Karpas, Erez and Markovitch, Shaul},
  journal={Seventh international planning competition (IPC 2011), deterministic part},
  pages={108--112},
  year={2011}
}

@article{Minton1990363,
author = "Steven Minton",
title = "Quantitative results concerning the utility of explanation-based learning ",
journal = "Artificial Intelligence ",
volume = "42",
number = "2–3",
pages = "363 - 391",
year = "1990"
}

@article{bylander1994computational,
  title={The computational complexity of propositional STRIPS planning},
  author={Bylander, Tom},
  journal={Artificial Intelligence},
  volume={69},
  number={1},
  pages={165--204},
  year={1994},
  publisher={Elsevier}
}

@inproceedings{tolpin2013towards,
  title={Towards rational deployment of multiple heuristics in A*},
  author={Tolpin, David and Beja, Tal and Shimony, Solomon Eyal and Felner, Ariel and Karpas, Erez},
  booktitle={Proceedings of the Twenty-Third international joint conference on Artificial Intelligence},
  pages={674--680},
  year={2013},
  organization={AAAI Press}
}

@incollection{culberson1996searching,
  title={Searching with pattern databases},
  author={Culberson, Joseph C and Schaeffer, Jonathan},
  booktitle={Advances in Artifical Intelligence},
  pages={402--416},
  year={1996},
  publisher={Springer Berlin Heidelberg}
}

@article{culberson1998pattern,
  title={Pattern databases},
  author={Culberson, Joseph C and Schaeffer, Jonathan},
  journal={Computational Intelligence},
  volume={14},
  number={3},
  pages={318--334},
  year={1998},
  publisher={Wiley Online Library}
}

@article{bonet2001planning,
  title={Planning as heuristic search},
  author={Bonet, Blai and Geffner, H{\'e}ctor},
  journal={Artificial Intelligence},
  volume={129},
  number={1},
  pages={5--33},
  year={2001},
  publisher={Elsevier}
}

@inproceedings{helmert2009landmarks,
  title={Landmarks, critical paths and abstractions: what's the difference anyway?},
  author={Helmert, Malte and Domshlak, Carmel},
  booktitle={ICAPS},
  pages={162--169},
  year={2009}
}

@inproceedings{holte1999space,
  title={A space-time tradeoff for memory-based heuristics},
  author={Holte, Robert C and Hern{\'a}dv{\"o}lgyi, Istv{\'a}n T},
  booktitle={AAAI/IAAI},
  pages={704--709},
  year={1999}
}

@inproceedings{holte2004multiple,
  title={Multiple Pattern Databases.},
  author={Holte, Robert C and Newton, Jack and Felner, Ariel and Meshulam, Ram and Furcy, David},
  booktitle={ICAPS},
  pages={122--131},
  year={2004}
}

@article{zahavi2007inconsistent,
  title={Inconsistent heuristics},
  author={Zahavi, Uzi and Felner, Ariel and Schaeffer, Jonathan and Sturtevant, Nathan R},
  journal={Proceedings of the national conference on artificial intelligence},
  volume={22},
  number={2},
  pages={1211},
  year={2007},
  publisher={Menlo Park, CA; Cambridge, MA; London; AAAI Press; MIT Press; 1999}
}


@article{krause2012submodular,
  title={Submodular function maximization},
  author={Krause, Andreas and Golovin, Daniel},
  journal={Tractability: Practical Approaches to Hard Problems},
  volume={3},
  pages={19},
  year={2012}
}

@article{krause2012submodular,
  title={Submodular function maximization},
  author={Krause, Andreas and Golovin, Daniel},
  journal={Tractability: Practical Approaches to Hard Problems},
  volume={3},
  pages={19},
  year={2012}
}


@article{holte2006maximizing,
  title={Maximizing over multiple pattern databases speeds up heuristic search},
  author={Holte, Robert C and Felner, Ariel and Newton, Jack and Meshulam, Ram and Furcy, David},
  journal={Artificial Intelligence},
  volume={170},
  number={16},
  pages={1123--1136},
  year={2006},
  publisher={Elsevier}
}

@article{xu2014solving,
  title={Solving zero-sum security games in discretized spatio-temporal domains},
  author={Xu, Haifeng and Fang, Fei and Jiang, Albert Xin and Conitzer, Vincent and Dughmi, Shaddin and Tambe, Milind},
  journal={Proceedings of the 28th Conference on Artificial Intelligence (AAAI 2014), Qubec, Canada},
  year={2014}
}

@article{krause2007near,
  title={Near-optimal observation selection using submodular functions},
  author={Krause, Andreas and Guestrin, Carlos},
  journal={AAAI},
  volume={7},
  pages={1650--1654},
  year={2007}
}
