%% This BibTeX bibliography file was created using BibDesk.
%% http://bibdesk.sourceforge.net/


%% Created for Lauro Cesar Araujo at 2015-04-27 19:43:45 -0300 


%% Saved with string encoding Unicode (UTF-8) 


@article{korf2001timecomplexity,
  title={Time complexity of iterative-deepening-A*},
  author={Korf, Richard E and Reid, Michael and Edelkamp, Stefan},
  journal={Artificial Intelligence},
  number={1},
  volume={129},
  pages={199--218},
  year={2001},
  publisher={Elsevier}
}

@article{hart1968formal,
  title={A formal basis for the heuristic determination of minimum cost paths},
  author={Hart, P. E.; Nilsson, N. J.; and Raphael, B.},
  journal={IEEE Transactions on Systems Science and Cybernetics SSC},
  volume={4},
  number={2},
  pages={100--107},
  year={1968},
  publisher={IEEE}
}

@article{lelis2013predicting,
  title={Predicting the size of IDA* search tree},
  author={Lelis, Levi HS and Zilles, Sandra and Holte, Robert C},
  journal={Artificial Intelligence},
  volume={196},
  pages={53--76},
  year={2013},
  publisher={Elsevier}
}

@article{zahavi2010predicting,
  title={Predicting the performance of IDA* using conditional distributions},
  author={Zahavi, Uzi and Felner, Ariel and Burch, Neil and Holte, Robert C},
  journal={Journal of Artificial Intelligence Research},
  volume={37},
  number={1},
  pages={41--84},
  year={2010}
}

 @article{knuth1975Estimating,
  title={Estimating the efficiency of backtrack programs.},
  author={Donald E. Knuth},
  journal={Mathematic of Computation},
  volume={29},
  number={129},
  pages={121--136},
  year={1975}
}


@article{Chen:1990:HSB:75678,
 author = {Chen, P.-C.},
 title = {Heuristic Sampling on Backtrack Trees},
 year = {1989},
 note = {UMI Order No: GAX89-25842},
 publisher = {Stanford University},
 address = {Stanford, CA, USA}
} 
 
 @article{chen1992heuristic,
 author = {Chen, P.-C.},
 title = {Heuristic sampling: A method for predicting the performance of tree searching programs.},
 year = {1992},
 journal = {SIAM Journal on Computing},
 pages = {295-315}
 }
 

@article{helmert2006fast,
  title={The Fast Downward Planning System.},
  author={Helmert, Malte},
  journal={J. Artif. Intell. Res.(JAIR)},
  volume={26},
  pages={191--246},
  year={2006}
}


@article{raynersss13,
 title = {Subset Selection of Search Heuristics},
 author = {Rayner, Chris and Sturtevant, Nathan and Bowling, Michael},
 journal = {Proceedings of the Twenty-Third International Joint Conference on Artificial Intelligence},
 year = {2013},
 location = {Beijing, China},
 pages = {637--643},
 numpages = {7}
} 

@article{Korf85ida,
    author = {Richard E. Korf},
    title = {Depth-first Iterative-Deepening: An Optimal Admissible Tree Search},
    journal = {Artificial Intelligence},
    year = {1985},
    volume = {27},
    pages = {97--109}
}

@article{BarleySantiagoOver,
  author = {Michael W. Barley and Santiago Franco and Patricia J. Riddle},
  title  = {Overcoming the Utility Problem in Heuristic Generation: Why Time Matters},
  journal = {Proceedings of the Twenty-Fourth International Conference on Automated Planning and Scheduling, {ICAPS} 2014, Portsmouth, New Hampshire, USA, June 21-26, 2014},
  year      = {2014}
}

@article{backstrom1995complexity,
  title={Complexity results for SAS+ planning},
  author={B{\"a}ckstr{\"o}m, Christer and Nebel, Bernhard},
  journal={Computational Intelligence},
  volume={11},
  number={4},
  pages={625--655},
  year={1995},
  publisher={Wiley Online Library}
}

@article{nemhauser1978analysis,
  title={An analysis of approximations for maximizing submodular set functions—I},
  author={Nemhauser, George L and Wolsey, Laurence A and Fisher, Marshall L},
  journal={Mathematical Programming},
  volume={14},
  number={1},
  pages={265--294},
  year={1978},
  publisher={Springer-Verlag}
}

@article{haslum2007domain,
  title={Domain-independent construction of pattern database heuristics for cost-optimal planning},
  author={Haslum, Patrik and Botea, Adi and Helmert, Malte and Bonet, Blai and Koenig, Sven},
  journal={AAAI},
  volume={7},
  pages={1007--1012},
  year={2007}
}

@incollection{edelkamp2007automated,
  title={Automated creation of pattern database search heuristics},
  author={Edelkamp, Stefan},
  booktitle={Model Checking and Artificial Intelligence},
  pages={35--50},
  year={2007},
  publisher={Springer Berlin Heidelberg}
}

@inproceedings{nissim2011computing,
  title={Computing perfect heuristics in polynomial time: On bisimulation and merge-and-shrink abstraction in optimal planning},
  author={Nissim, Raz and Hoffmann, J{\"o}rg and Helmert, Malte},
  booktitle={22nd International Joint Conference on Artificial Intelligence (IJCAI'11)},
  year={2011}
}

@inproceedings{domshlak2010max,
  title={To Max or Not to Max: Online Learning for Speeding Up Optimal Planning.},
  author={Domshlak, Carmel and Karpas, Erez and Markovitch, Shaul},
  booktitle={AAAI},
  year={2010}
}

@article{domshlak2011selmax,
  title={The SelMax planner: Online learning for speeding up optimal planning},
  author={Domshlak, Carmel and Helmert, Malte and Karpas, Erez and Markovitch, Shaul},
  journal={Seventh international planning competition (IPC 2011), deterministic part},
  pages={108--112},
  year={2011}
}

@article{Minton1990363,
author = "Steven Minton",
title = "Quantitative results concerning the utility of explanation-based learning ",
journal = "Artificial Intelligence ",
volume = "42",
number = "2–3",
pages = "363 - 391",
year = "1990"
}

@article{bylander1994computational,
  title={The computational complexity of propositional STRIPS planning},
  author={Bylander, Tom},
  journal={Artificial Intelligence},
  volume={69},
  number={1},
  pages={165--204},
  year={1994},
  publisher={Elsevier}
}

@inproceedings{tolpin2013towards,
  title={Towards rational deployment of multiple heuristics in A*},
  author={Tolpin, David and Beja, Tal and Shimony, Solomon Eyal and Felner, Ariel and Karpas, Erez},
  booktitle={Proceedings of the Twenty-Third international joint conference on Artificial Intelligence},
  pages={674--680},
  year={2013},
  organization={AAAI Press}
}

@incollection{culberson1996searching,
  title={Searching with pattern databases},
  author={Culberson, Joseph C and Schaeffer, Jonathan},
  booktitle={Advances in Artifical Intelligence},
  pages={402--416},
  year={1996},
  publisher={Springer Berlin Heidelberg}
}

@article{culberson1998pattern,
  title={Pattern databases},
  author={Culberson, Joseph C and Schaeffer, Jonathan},
  journal={Computational Intelligence},
  volume={14},
  number={3},
  pages={318--334},
  year={1998},
  publisher={Wiley Online Library}
}

@article{bonet2001planning,
  title={Planning as heuristic search},
  author={Bonet, Blai and Geffner, H{\'e}ctor},
  journal={Artificial Intelligence},
  volume={129},
  number={1},
  pages={5--33},
  year={2001},
  publisher={Elsevier}
}

@inproceedings{helmert2009landmarks,
  title={Landmarks, critical paths and abstractions: what's the difference anyway?},
  author={Helmert, Malte and Domshlak, Carmel},
  booktitle={ICAPS},
  pages={162--169},
  year={2009}
}

@inproceedings{holte1999space,
  title={A space-time tradeoff for memory-based heuristics},
  author={Holte, Robert C and Hern{\'a}dv{\"o}lgyi, Istv{\'a}n T},
  booktitle={AAAI/IAAI},
  pages={704--709},
  year={1999}
}

@inproceedings{holte2004multiple,
  title={Multiple Pattern Databases.},
  author={Holte, Robert C and Newton, Jack and Felner, Ariel and Meshulam, Ram and Furcy, David},
  booktitle={ICAPS},
  pages={122--131},
  year={2004}
}

@article{zahavi2007inconsistent,
  title={Inconsistent heuristics},
  author={Zahavi, Uzi and Felner, Ariel and Schaeffer, Jonathan and Sturtevant, Nathan R},
  journal={Proceedings of the national conference on artificial intelligence},
  volume={22},
  number={2},
  pages={1211},
  year={2007},
  publisher={Menlo Park, CA; Cambridge, MA; London; AAAI Press; MIT Press; 1999}
}


@article{krause2012submodular,
  title={Submodular function maximization},
  author={Krause, Andreas and Golovin, Daniel},
  journal={Tractability: Practical Approaches to Hard Problems},
  volume={3},
  pages={19},
  year={2012}
}

@article{krause2012submodular,
  title={Submodular function maximization},
  author={Krause, Andreas and Golovin, Daniel},
  journal={Tractability: Practical Approaches to Hard Problems},
  volume={3},
  pages={19},
  year={2012}
}


@article{holte2006maximizing,
  title={Maximizing over multiple pattern databases speeds up heuristic search},
  author={Holte, Robert C and Felner, Ariel and Newton, Jack and Meshulam, Ram and Furcy, David},
  journal={Artificial Intelligence},
  volume={170},
  number={16},
  pages={1123--1136},
  year={2006},
  publisher={Elsevier}
}

@article{xu2014solving,
  title={Solving zero-sum security games in discretized spatio-temporal domains},
  author={Xu, Haifeng and Fang, Fei and Jiang, Albert Xin and Conitzer, Vincent and Dughmi, Shaddin and Tambe, Milind},
  journal={Proceedings of the 28th Conference on Artificial Intelligence (AAAI 2014), Qubec, Canada},
  year={2014}
}

@article{krause2007near,
  title={Near-optimal observation selection using submodular functions},
  author={Krause, Andreas and Guestrin, Carlos},
  journal={AAAI},
  volume={7},
  pages={1650--1654},
  year={2007}
}




@book{ibge1993,
	Address = {Rio de Janeiro},
	Author = {IBGE},
	Date-Added = {2013-08-21 13:56:10 +0000},
	Date-Modified = {2013-08-21 13:56:10 +0000},
	Edition = {3},
	Organization = {http://biblioteca.ibge.gov.br/visualizacao/livros/liv23907.pdf},
	Publisher = {Centro de Documenta{\c c}{\~a}o e Dissemina{\c c}{\~a}o de Informa{\c c}{\~o}es. Funda{\c c}{\~a}o Intituto Brasileiro de Geografia e Estat{\'\i}stica},
	Title = {Normas de apresenta{\c c}{\~a}o tabular},
	Urlaccessdate = {21 ago 2013},
	Year = {1993}}

@misc{abntex2-wiki-como-customizar,
	Author = {Lauro C{\'e}sar Araujo},
	Date-Added = {2013-03-23 21:39:21 +0000},
	Date-Modified = {2015-04-27 22:43:06 +0000},
	Howpublished = {Wiki do abnTeX2},
	Keywords = {wiki},
	Title = {Como customizar o abnTeX2},
	Url = {https://github.com/abntex/abntex2/wiki/ComoCustomizar},
	Urlaccessdate = {27 abr 2015},
	Year = {2015},
	Bdsk-Url-1 = {https://github.com/abntex/abntex2/wiki/ComoCustomizar}}

@manual{talbot2012,
	Author = {Nicola L.C. Talbot},
	Date-Added = {2013-03-11 12:06:04 +0000},
	Date-Modified = {2013-03-11 12:06:56 +0000},
	Month = {Nov.},
	Title = {User Manual for glossaries.sty},
	Url = {http://mirrors.ctan.org/macros/latex/contrib/glossaries/glossaries-user.pdf},
	Urlaccessdate = {11 mar. 2013},
	Year = {2012},
	Bdsk-Url-1 = {http://mirrors.ctan.org/macros/latex/contrib/glossaries/glossaries-user.pdf}}

@manual{babel,
	Author = {Johannes Braams},
	Date-Added = {2013-02-17 13:37:14 +0000},
	Date-Modified = {2013-02-17 13:38:38 +0000},
	Month = {Apr.},
	Title = {Babel, a multilingual package for use with LATEX's standard document classes},
	Url = {http://mirrors.ctan.org/info/babel/babel.pdf},
	Urlaccessdate = {17 fev. 2013},
	Year = {2008},
	Bdsk-Url-1 = {http://mirrors.ctan.org/info/babel/babel.pdf}}

@manual{abntex2modelo-artigo,
	Annote = {Este documento {\'e} derivado do \cite{abnt-bibtex-doc}},
	Author = {Lauro C{\'e}sar Araujo},
	Date-Added = {2013-01-15 00:10:35 +0000},
	Date-Modified = {2015-04-27 22:43:13 +0000},
	Organization = {Equipe abnTeX2},
	Title = {Modelo Can{\^o}nico de Artigo Cient{\'\i}fico com abnTeX2},
	Url = {http://www.abntex.net.br/},
	Year = {2015},
	Bdsk-Url-1 = {http://www.abntex.net.br/}}

@manual{abntex2modelo-relatorio,
	Annote = {Este documento {\'e} derivado do \cite{abnt-bibtex-doc}},
	Author = {Lauro C{\'e}sar Araujo},
	Date-Added = {2013-01-15 00:05:34 +0000},
	Date-Modified = {2015-04-27 22:43:18 +0000},
	Organization = {Equipe abnTeX2},
	Title = {Modelo Can{\^o}nico de Relat{\'o}rio T{\'e}cnico e/ou Cient{\'\i}fico com abnTeX2},
	Url = {http://www.abntex.net.br/},
	Year = {2015},
	Bdsk-Url-1 = {http://www.abntex.net.br/}}

@manual{abntex2modelo,
	Annote = {Este documento {\'e} derivado do \cite{abnt-bibtex-doc}},
	Author = {Lauro C{\'e}sar Araujo},
	Date-Added = {2013-01-12 22:55:32 +0000},
	Date-Modified = {2015-04-27 22:43:32 +0000},
	Organization = {Equipe abnTeX2},
	Title = {Modelo Can{\^o}nico de Trabalho Acad{\^e}mico com abnTeX2},
	Url = {http://www.abntex.net.br/},
	Year = {2015},
	Bdsk-Url-1 = {http://www.abntex.net.br/}}

@mastersthesis{araujo2012,
	Address = {Bras{\'\i}lia},
	Author = {Lauro C{\'e}sar Araujo},
	Date-Added = {2013-01-09 11:04:42 +0000},
	Date-Modified = {2013-01-09 11:04:42 +0000},
	Month = {mar.},
	School = {Universidade de Bras{\'\i}lia},
	Subtitle = {uma perspectiva de {A}rquitetura da {I}nforma{\c c}{\~a}o da {E}scola de {B}ras{\'\i}lia},
	Title = {Configura{\c c}{\~a}o},
	Year = {2012}}

@manual{memoir,
	Address = {Normandy Park, WA},
	Author = {Peter Wilson and Lars Madsen},
	Date-Added = {2013-01-09 10:37:50 +0000},
	Date-Modified = {2013-03-21 13:23:25 +0000},
	Organization = {The Herries Press},
	Title = {The Memoir Class for Configurable Typesetting - User Guide},
	Url = {http://mirrors.ctan.org/macros/latex/contrib/memoir/memman.pdf},
	Urlaccessdate = {19 dez. 2012},
	Year = {2010},
	Bdsk-Url-1 = {http://ctan.tche.br/macros/latex/contrib/memoir/memman.pdf}}

@manual{abntex2cite-alf,
	Annote = {Este documento {\'e} derivado do \cite{abnt-bibtex-alf-doc}},
	Author = {Lauro C{\'e}sar Araujo},
	Date-Added = {2013-01-09 10:37:45 +0000},
	Date-Modified = {2015-04-27 22:43:44 +0000},
	Organization = {Equipe abnTeX2},
	Title = {O pacote abntex2cite: t{\'o}picos espec{\'\i}ficos da ABNT NBR 10520:2002 e o estilo bibliogr{\'a}fico alfab{\'e}tico (sistema autor-data)},
	Url = {http://www.abntex.net.br/},
	Year = {2015},
	Bdsk-Url-1 = {http://www.abntex.net.br/}}

@manual{abntex2cite,
	Annote = {Este documento {\'e} derivado do \cite{abnt-bibtex-doc}},
	Author = {Lauro C{\'e}sar Araujo},
	Date-Added = {2013-01-09 10:37:45 +0000},
	Date-Modified = {2015-04-27 22:43:38 +0000},
	Organization = {Equipe abnTeX2},
	Title = {O pacote abntex2cite: Estilos bibliogr{\'a}ficos compat{\'\i}veis com a ABNT NBR 6023},
	Url = {http://www.abntex.net.br/},
	Year = {2015},
	Bdsk-Url-1 = {http://www.abntex.net.br/}}

@manual{abntex2classe,
	Author = {Lauro C{\'e}sar Araujo},
	Date-Added = {2013-01-09 10:37:38 +0000},
	Date-Modified = {2015-04-27 22:42:47 +0000},
	Organization = {Equipe abnTeX2},
	Title = {A classe abntex2: Modelo can{\^o}nico de trabalhos acad{\^e}micos brasileiros compat{\'\i}vel com as normas ABNT NBR 14724:2011, ABNT NBR 6024:2012 e outras},
	Url = {http://www.abntex.net.br/},
	Year = {2015},
	Bdsk-Url-1 = {http://www.abntex.net.br/}}

@manual{NBR10520:2002,
	Address = {Rio de Janeiro},
	Date-Added = {2012-12-15 21:43:38 +0000},
	Date-Modified = {2013-01-12 22:17:20 +0000},
	Month = {ago.},
	Org-Short = {ABNT},
	Organization = {Associa{\c c}\~ao Brasileira de Normas T\'ecnicas},
	Pages = 7,
	Subtitle = {Informa{\c c}\~ao e documenta{\c c}\~ao --- Apresenta{\c c}\~ao de cita{\c c}\~oes em documentos},
	Title = {{NBR} 10520},
	Year = 2002}

@manual{NBR6024:2012,
	Address = {Rio de Janeiro},
	Date-Added = {2012-12-15 21:24:06 +0000},
	Date-Modified = {2012-12-15 21:24:28 +0000},
	Month = {fev.},
	Org-Short = {ABNT},
	Organization = {Associa{\c c}\~ao Brasileira de Normas T\'ecnicas},
	Pages = 4,
	Subtitle = {Numera{\c c}\~ao progressiva das se{\c c}\~oes de um documento},
	Title = {{NBR} 6024},
	Year = 2012}

@manual{NBR6028:2003,
	Address = {Rio de Janeiro},
	Date-Added = {2012-12-15 21:02:12 +0000},
	Date-Modified = {2012-12-15 21:02:50 +0000},
	Month = {nov.},
	Org-Short = {ABNT},
	Organization = {Associa{\c c}\~ao Brasileira de Normas T\'ecnicas},
	Pages = 2,
	Subtitle = {Resumo - Apresenta{\c c}{\~a}o},
	Title = {{NBR} 6028},
	Year = 2003}

@manual{NBR14724:2001,
	Address = {Rio de Janeiro},
	Date-Added = {2012-12-15 20:34:08 +0000},
	Date-Modified = {2012-12-15 20:34:08 +0000},
	Month = {jul.},
	Org-Short = {ABNT},
	Organization = {Associa{\c c}\~ao Brasileira de Normas T\'ecnicas},
	Pages = 6,
	Subtitle = {Informa{\c c}\~ao e documenta{\c c}\~ao --- trabalhos acad\^emicos --- apresenta{\c c}\~ao},
	Title = {{NBR} 14724},
	Year = 2001}

@manual{NBR14724:2002,
	Address = {Rio de Janeiro},
	Date-Added = {2012-12-15 20:34:17 +0000},
	Date-Modified = {2012-12-15 20:34:17 +0000},
	Month = {ago.},
	Org-Short = {ABNT},
	Organization = {Associa{\c c}\~ao Brasileira de Normas T\'ecnicas},
	Pages = 6,
	Subtitle = {Informa{\c c}\~ao e documenta{\c c}\~ao --- trabalhos acad\^emicos --- apresenta{\c c}\~ao},
	Title = {{NBR} 14724},
	Year = 2002}

@manual{NBR14724:2005,
	Address = {Rio de Janeiro},
	Date-Added = {2012-12-15 20:34:08 +0000},
	Date-Modified = {2012-12-15 20:35:25 +0000},
	Month = {dez.},
	Org-Short = {ABNT},
	Organization = {Associa{\c c}\~ao Brasileira de Normas T\'ecnicas},
	Pages = 9,
	Subtitle = {Informa{\c c}\~ao e documenta{\c c}\~ao --- trabalhos acad\^emicos --- apresenta{\c c}\~ao},
	Title = {{NBR} 14724},
	Year = 2005}

@manual{NBR14724:2011,
	Address = {Rio de Janeiro},
	Date-Added = {2012-12-15 20:34:08 +0000},
	Date-Modified = {2012-12-15 20:35:25 +0000},
	Month = {mar.},
	Note = {Substitui a Ref.~\citeonline{NBR14724:2005}},
	Org-Short = {ABNT},
	Organization = {Associa{\c c}\~ao Brasileira de Normas T\'ecnicas},
	Pages = 15,
	Subtitle = {Informa{\c c}\~ao e documenta{\c c}\~ao --- trabalhos acad\^emicos --- apresenta{\c c}\~ao},
	Title = {{NBR} 14724},
	Year = 2011}

@article{van86,
	Author = {{van}, Gigch, John P. and Leo L. Pipino},
	Journal = {Future Computing Systems},
	Number = {1},
	Pages = {71-97},
	Title = {In search for a paradigm for the discipline of information systems},
	Volume = {1},
	Year = {1986}}

@phdthesis{guizzardi2005,
	Address = {Enschede, The Netherlands},
	Author = {Giancarlo Guizzardi},
	Date-Added = {2012-04-23 11:35:28 +0000},
	Date-Modified = {2012-04-23 11:35:28 +0000},
	School = {Centre for Telematics and Information Technology, University of Twente},
	Title = {Ontological Foundations for Structural Conceptual Models},
	Url = {http://www.loa.istc.cnr.it/Guizzardi/SELMAS-CR.pdf},
	Urlaccessdate = {3 jul. 2011},
	Year = {2005},
	Bdsk-Url-1 = {http://www.loa.istc.cnr.it/Guizzardi/SELMAS-CR.pdf}}

@mastersthesis{macedo2005,
	Author = {Fl{\'a}via L. Macedo},
	Date-Added = {2012-04-23 11:35:13 +0000},
	Date-Modified = {2012-04-23 11:35:13 +0000},
	Keywords = {arquitetura da informa{\c c}{\~a}o},
	School = {Universidade de Bras{\'\i}lia},
	Title = {Arquitetura da Informa{\c c}{\~a}o: aspectos espistemol{\'o}gicos, cient{\'\i}ficos e pr{\'a}ticos.},
	Type = {Disserta{\c c}{\~a}o de Mestrado},
	Year = {2005}}

@manual{EIA649B,
	Address = {EUA},
	Date-Added = {2012-04-23 11:34:59 +0000},
	Date-Modified = {2012-04-23 11:34:59 +0000},
	Keywords = {norma},
	Month = {June},
	Organization = {TechAmerica},
	Title = {ANSI/EIA 649-B: Configuration Management Standard},
	Year = {2011}}

@inproceedings{masolo2010,
	Author = {Claudio Masolo},
	Booktitle = {Proceedings of the Twelfth International Conference on the Principles of Knowledge Representation and Reasoning (KR 2010)},
	Date-Added = {2012-04-23 11:34:38 +0000},
	Date-Modified = {2012-04-23 11:34:38 +0000},
	Editor = {Lin, F. and Sattler, U.},
	Pages = {258-268},
	Publisher = {AAAI Press},
	Title = {Understanding Ontological Levels},
	Url = {http://wiki.loa-cnr.it/Papers/kr10v0.7.pdf},
	Urlaccessdate = {2 jan. 2012},
	Year = {2010},
	Bdsk-Url-1 = {http://wiki.loa-cnr.it/Papers/kr10v0.7.pdf}}

@inbook{guarino1995,
	Address = {Vienna},
	Author = {Nicola Guarino},
	Booktitle = {Philosophy and the Cognitive Science},
	Date-Added = {2012-04-23 11:34:29 +0000},
	Date-Modified = {2012-04-23 11:34:29 +0000},
	Editor = {R. Casati and B. Smith and G. White},
	Month = {Sept.},
	Pages = {443-456},
	Publisher = {Holder-Pivhler-Tempsky},
	Title = {The Ontological Level},
	Url = {http://wiki.loa-cnr.it/Papers/OntLev.pdf},
	Urlaccessdate = {2 jan. 2012},
	Year = {1995},
	Bdsk-Url-1 = {http://wiki.loa-cnr.it/Papers/OntLev.pdf}}

@incollection{bates2010,
	Address = {New York},
	Author = {Marcia J. Bates},
	Booktitle = {Encyclopedia of Library and Information Sciences},
	Date-Added = {2012-04-23 11:34:29 +0000},
	Date-Modified = {2012-04-23 11:34:29 +0000},
	Edition = {3rd},
	Editor = {Marcia J. Bates and Mary Niles Maack},
	Pages = {2347-2360},
	Publisher = {CRC Press},
	Title = {Information},
	Url = {http://pages.gseis.ucla.edu/faculty/bates/articles/information.html},
	Urlaccessdate = {24 out. 2011},
	Volume = {3},
	Year = {2010},
	Bdsk-Url-1 = {http://pages.gseis.ucla.edu/faculty/bates/articles/information.html}}

@book{doxiadis1965,
	Author = {Constantinos A. Doxiadis},
	Date-Added = {2012-04-23 11:34:20 +0000},
	Date-Modified = {2012-04-23 11:34:20 +0000},
	Publisher = {Ceira - Coimbra},
	Title = {Arquitetura em Transi{\c c}{\~a}o},
	Year = {1965}}

@book{dewey1980,
	Address = {New York, NY, USA},
	Author = {John Dewey},
	Date-Added = {2012-04-23 11:34:16 +0000},
	Date-Modified = {2012-04-23 11:34:16 +0000},
	Publisher = {Perigee Books},
	Title = {Art as Experience},
	Year = {1980}}
