@article{zheng2010,
  added-at = {2013-09-16T20:14:13.000+0200},
  author = {Zheng, Yu and Xie, Xing and Ma, Wei-Ying},
  journal = {IEEE Data Engineering Bulletin},
  number = 2,
  pages = {32-39},
  title = {GeoLife: A Collaborative Social Networking Service among User, Location and Trajectory.}
  volume = {33},
  year = {2010}
}

@inproceedings{yuan2010,
 author = {Yuan, Jing and Zheng, Yu and Zhang, Chengyang and Xie, Wenlei and Xie, Xing and Sun, Guangzhong and Huang, Yan},
 title = {T-drive: Driving Directions Based on Taxi Trajectories},
 booktitle = {Proceedings of the 18th SIGSPATIAL International Conference on Advances in Geographic Information Systems},
 series = {GIS '10},
 year = {2010},
 location = {San Jose, California},
 pages = {99--108},
 numpages = {10},
 publisher = {ACM},
 address = {New York, NY, USA}
} 

@inproceedings{sampaio2010,
  author = {Sampaio, Gustavo Breder and Nalon, Filipe Ribeiro and Filho, Jugurta Lisboa},
  booktitle = {ICEIS International Conference On Enterprise Iformation Systems (3)},
  editor = {Filipe, Joaquim and Cordeiro, José},
  pages = {409-412},
  publisher = {SciTePress},
  timestamp = {2011-01-04T00:00:00.000+0100},
  title = {GeoProfile - UML Profile for Conceptual Modeling of Geographic Databases.},
  year = {2010}
}

@book{han2011,
 author = {Han, Jiawei and Kamber, Micheline and Pei, Jian},
 title = {Data Mining: Concepts and Techniques},
 year = {2011},
 edition = {3rd},
 publisher = {Morgan Kaufmann Publishers Inc.},
 address = {San Francisco, CA, USA},
} 

@book{wackerly2007,
  author = {Wackerly, Dennis and Mendenhall, William and Scheaffer, Richard},
  description = {KDubiq Blueprint},
  edition = {7th},
  publisher={Cengage Learning},
  title = {Mathematical Statistics with Applications},
  year = {2007}
}

@inproceedings{ester96,
    author = {Martin Ester and Hans-peter Kriegel and Jörg S and Xiaowei Xu},
    title = {A density-based algorithm for discovering clusters in large spatial databases with noise},
    booktitle = {},
    year = {1996},
    pages = {226--231},
    publisher = {AAAI Press}
}

@inproceedings{zheng2009,
  title={Mining interesting locations and travel sequences from GPS trajectories},
  author={Zheng, Yu and Zhang, Lizhu and Xie, Xing and Ma, Wei-Ying},
  booktitle={Proceedings of the 18th international conference on World wide web},
  pages={791--800},
  year={2009},
  organization={ACM}
}

@inproceedings{zheng2008,
  title={Understanding mobility based on GPS data},
  author={Zheng, Yu and Li, Quannan and Chen, Yukun and Xie, Xing and Ma, Wei-Ying},
  booktitle={Proceedings of the 10th international conference on Ubiquitous computing},
  pages={312--321},
  year={2008},
  organization={ACM}
}

@article{douglas73,
    author = {Douglas, David H and Peucker, Thomas K},
     title = {Algorithms for the reduction of the number of points required to represent a digitized line or its caricature},
   journal = {Cartographica: The International Journal for Geographic Information and Geovisualization},
    volume = {10},
    number = {2},
      year = {1973},
     pages = {112--122}
}

@article{cao2006,
 author = {Cao, Hu and Wolfson, Ouri and Trajcevski, Goce},
 title = {Spatio-temporal Data Reduction with Deterministic Error Bounds},
 journal = {The VLDB Journal},
 issue_date = {September 2006},
 volume = {15},
 number = {3},
 month = sep,
 year = {2006},
 pages = {211--228},
 numpages = {18},
 publisher = {Springer-Verlag New York, Inc.},
 address = {Secaucus, NJ, USA}
} 

@book{lay2003,
  title={Linear Algebra and Its Applications},
  author={David C. Lay},
  edition = {3rd},
  pages={124},
  year={2003},
  publisher={Pearson Education, Addison-Wesley Publishing Company}
}

@book{isaaks90,
  author = {Isaaks, Edward H. and Srivastava, Mohan R.},
  day = 11,
  howpublished = {Paperback},
  keywords = {book geophysics},
  month = jan,
  publisher = {Oxford University Press, USA},
  title = {An Introduction to Applied Geostatistics},
  year = 1990
}

@inproceedings{chen98,
    author = {Danny Z. Chen and Ovidiu Daescu},
    title = {Space-efficient algorithms for approximating polygonal curves in two-dimensional space},
    booktitle = {Proceeding of the 4th International Computing and Combinatorics Conference},
    year = {1998},
    pages = {55--64}
}

@inproceedings{gudmundsson2012,
	 author = {Gudmundsson, Joachim and Thom, Andreas and Vahrenhold, Jan},
	 title = {Of Motifs and Goals: Mining Trajectory Data},
	 booktitle = {Proceedings of the 20th International Conference on Advances in Geographic Information Systems},
	 series = {SIGSPATIAL '12},
	 year = {2012},
	 pages = {129--138},
	 numpages = {10},
	 publisher = {ACM},
	 address = {New York, NY, USA}
}


@inproceedings{vanKreveld2007,
	 author = {van Kreveld, Marc and Luo, Jun},
	 title = {The Definition and Computation of Trajectory and Subtrajectory Similarity},
	 booktitle = {Proceedings of the 15th Annual ACM International Symposium on Advances in Geographic Information Systems},
	 series = {GIS '07},
	 year = {2007},
	 pages = {44:1--44:4},
	 articleno = {44},
	 numpages = {4}
	 publisher = {ACM},
	 address = {New York, NY, USA}
} 

@inproceedings{liu2012,
 author = {Liu, Hechen and Schneider, Markus},
 title = {Similarity Measurement of Moving Object Trajectories},
 booktitle = {Proceedings of the 3rd ACM SIGSPATIAL International Workshop on GeoStreaming},
 series = {IWGS '12},
 year = {2012},
 location = {Redondo Beach, California},
 pages = {19--22},
 numpages = {4},
 doi = {10.1145/2442968.2442971},
 publisher = {ACM},
 address = {New York, NY, USA}
} 

@book{wong2005,
  title={Statistical Analysis of Geographic Information with ArcView GIS and ArcGIS},
  author={Wong, David Wing-Shun and Lee, Jay},
  year={2005},
  publisher={John Wiley \& Sons Hoboken, NJ, USA}
}

@book{anton2010,
  title={Elementary Linear Algebra},
  author={Howard Anton},
  year={2010},
  edition = {10th},
  publisher={John Wiley \& Sons}
}

@book{rajaraman2012,
  address = {Cambridge, UK},
  author = {Rajaraman, Anand and Ullman, Jeffrey David},
  publisher = {Cambridge University Press.},
  title = {Mining of massive datasets},
  year = 2012
}

@Article{alvares2009,
  Title                    = {A Framework for Trajectory Data Preprocessing for Data Mining},
  Author                   = {Luis Otavio Alvares and Gabriel Oliveira and Vania Bogorny},
  Journal                  = {Proceedings of the 21st International Conference on Software Engineering {\&} Knowledge Engineering (SEKE'2009). Boston, Massachusetts, USA},
  Year                     = {2009}
}

@InProceedings{nokia2012,
    author = {Juha K. Laurila and Jan Blom and Olivier Dousse and Daniel Gatica-perez and Olivier Bornet and Julien Eberle and Imad Aad and Markus Miettinen},
    title = {The mobile data challenge: Big data for mobile computing research},
	booktitle = {Pervasive Computing},
	year = {2012},
	Address = {Newcastle, UK}
}

@InProceedings{chen2011,
  Title                    = {Discovering Popular Routes from Trajectories},
  Author                   = {Chen, Zaiben and Shen, Heng Tao and Zhou, Xiaofang},
  Booktitle                = {Proceedings of the 2011 IEEE 27th International Conference on Data Engineering},
  Year                     = {2011},
  Address                  = {Washington, DC, USA},
  Pages                    = {900--911},
  Publisher                = {IEEE Computer Society},
  Series                   = {ICDE '11},
  Numpages                 = {12}
}

@article{barclay2000,
 author = {Barclay, Tom and Gray, Jim and Slutz, Don},
 title = {Microsoft TerraServer: A Spatial Data Warehouse},
 journal = {SIGMOD Rec.},
 issue_date = {June 2000},
 volume = {29},
 number = {2},
 month = may,
 year = {2000},
 pages = {307--318},
 numpages = {12},
 publisher = {ACM},
 address = {New York, NY, USA}
}

@InProceedings{rajabifard1999,
    author = {Abbas Rajabifard and Ian P. Williamson},
    title = {Spatial Data Infrastructures: Concept, SDI Hierarchy and Future Directions},
    booktitle = {Suitability of Internet Technologies for Access, Transmission and Updating Digital Cadastral Databases on the Web. Proceedings of AURISA 97},
    year = {1999}
}

@Book{oxford2000,
  Title                    = {Geospatial data infrastructure: Concepts, cases and good practice.},
  Author                   = {Richard Groot and John McLaughlin},
  Publisher                = {Oxford: Oxford University Press.},
  Year                     = {2000},
  volume = {93},
  pages = {257--259},
}

@Electronic{geolifeuserguide,
  Title                    = {GeoLife - User Guide},
  Author                   = {MicrosoftCorporation},
  Note                     = {Version 1.3 (2012/08/01)},
  Organization             = {Microsoft Corporation}
}

@inproceedings{yuan2011,
 author = {Yuan, Jing and Zheng, Yu and Xie, Xing and Sun, Guangzhong},
 title = {Driving with Knowledge from the Physical World},
 booktitle = {Proceedings of the 17th ACM SIGKDD International Conference on Knowledge Discovery and Data Mining},
 series = {KDD '11},
 year = {2011},
 location = {San Diego, California, USA},
 pages = {316--324},
 numpages = {9},
 doi = {10.1145/2020408.2020462},
 publisher = {ACM},
 address = {New York, NY, USA}
}

@inproceedings{buchin2009,
    author = {Kevin Buchin and Maike Buchin and Yusu Wang},
    title = {Exact Algorithm for Partial Curve Matching via the Fr\'{e}chet Distance},
    booktitle = {Proceedings of 20th ACM-SIAM Symposium on Discrete Algorithms},
    year = {2009}
}

@article{sankararaman2013,
  author = {Sankararaman, Swaminathan and Agarwal, Pankaj K. and Molhave, Thomas and Boedihardjo, Arnold P.},
  journal = {CoRR},
  title = {Computing Similarity between a Pair of Trajectories},
  volume = {1303.1585},
  year = {2013}
}

@inproceedings{vanKreveld2007,
 author = {van Kreveld, Marc and Luo, Jun},
 title = {The Definition and Computation of Trajectory and Subtrajectory Similarity},
 booktitle = {Proceedings of the 15th Annual ACM International Symposium on Advances in Geographic Information Systems},
 series = {GIS '07},
 year = {2007},
 location = {Seattle, Washington},
 pages = {44:1--44:4},
 articleno = {44},
 numpages = {4},
 doi = {10.1145/1341012.1341068},
 publisher = {ACM},
 address = {New York, NY, USA}
}

@article{tiakas2009,
 author = {Tiakas, E. and Papadopoulos, A. N. and Nanopoulos, A. and Manolopoulos, Y. and Stojanovic, Dragan and Djordjevic-Kajan, Slobodanka},
 title = {Searching for Similar Trajectories in Spatial Networks},
 journal = {The Journal of Systems and Software},
 issue_date = {May, 2009},
 volume = {82},
 number = {5},
 year = {2009},
 pages = {772--788},
 numpages = {17},
 doi = {10.1016/j.jss.2008.11.832},
 publisher = {Elsevier Science Inc.},
 address = {New York, NY, USA}
} 

@inproceedings{vlachos2002DEXA,
  author = {Vlachos, Michail and Gunopulos, Dimitrios and Kollios, George},
  booktitle = {DEXA Workshops},
  date = {2002-11-04},
  pages = {721--728},
  publisher = {IEEE Computer Society},
  title = {Robust Similarity Measures for Mobile Object Trajectories.},
  year = {2002}
}

@inproceedings{siirtola2008,
  author = {Siirtola, Pekka and Laurinen, Perttu and R\"{o}ning, Juha},
  booktitle = {ICMLA},
  date = {2009-11-28},
  editor = {Wani, M. Arif and wen Chen, Xue and Casasent, David and Kurgan, Lukasz A. and Hu, Tony and Hafeez, Khalid},
  pages = {802--807},
  publisher = {IEEE Computer Society},
  title = {A Weighted Distance Measure for Calculating the Similarity of Sparsely Distributed Trajectories.},
  year = {2008}
}

@book{chapman2005cleaning,
  title={Principles and Methods of Data Cleaning: Primary Species and Species-occurrence Data},
  author={Chapman, Arthur D},
  year={2005},
  publisher={Global Biodiversity Information Facility}
}

@book{chapman2005quality,
  title={Principles of Data Quality},
  author={Chapman, A.D. and Global Biodiversity Information Facility},
  isbn={9788792020031},
  url={http://books.google.com.br/books?id=LL5YQ5GdhzoC},
  year={2005},
  publisher={Global Biodiversity Information Facility}
}

@article{spaccapietra2008,
 author = {Spaccapietra, Stefano and Parent, Christine and Damiani, Maria Luisa and de Macedo, Jose Antonio and Porto, Fabio and Vangenot, Christelle},
 title = {A Conceptual View on Trajectories},
 journal = {Data Knowledge Engineering},
 issue_date = {April, 2008},
 volume = {65},
 number = {1},
 month = apr,
 year = {2008},
 issn = {0169-023X},
 pages = {126--146},
 numpages = {21},
 url = {http://dx.doi.org/10.1016/j.datak.2007.10.008},
 doi = {10.1016/j.datak.2007.10.008},
 acmid = {1347785},
 publisher = {Elsevier Science Publishers B. V.},
 address = {Amsterdam, The Netherlands, The Netherlands},
 keywords = {GIS, Moving objects, Spatio-temporal databases, Trajectories},
}

@inproceedings{vlachos2002ICDE,
  added-at = {2011-10-26T00:00:00.000+0200},
  author = {Vlachos, Michail and Gunopulos, Dimitrios and Kollios, George},
  biburl = {http://www.bibsonomy.org/bibtex/2de80c00b6e27e20611225d0c7d963eff/dblp},
  booktitle = {ICDE},
  crossref = {conf/icde/2002},
  editor = {Agrawal, Rakesh and Dittrich, Klaus R.},
  ee = {http://doi.ieeecomputersociety.org/10.1109/ICDE.2002.994784},
  interhash = {6131207b612ce870299fd226cf9e5646},
  intrahash = {de80c00b6e27e20611225d0c7d963eff},
  isbn = {0-7695-1531-2},
  keywords = {dblp},
  pages = {673-684},
  publisher = {IEEE Computer Society},
  timestamp = {2011-10-26T00:00:00.000+0200},
  title = {Discovering Similar Multidimensional Trajectories.},
  url = {http://dblp.uni-trier.de/db/conf/icde/icde2002.html#VlachosGK02},
  year = {2002}
}

@MISC{gupta2014,
    author = {Manish Gupta and Jing Gao and Charu C. Aggarwal and Jiawei Han},
    title = {Outlier Detection for Temporal Data: A Survey},
    year = {2014},
	doi = {10.1109/TKDE.2013.184},
	volume = {26},
	number = {9},
	pages = {1}
}

@inproceedings{lee2008,
 author = {Lee, Jae-Gil and Han, Jiawei and Li, Xiaolei},
 title = {Trajectory Outlier Detection: A Partition-and-Detect Framework},
 booktitle = {Proceedings of the 2008 IEEE 24th International Conference on Data Engineering},
 series = {ICDE '08},
 year = {2008},
 isbn = {978-1-4244-1836-7},
 pages = {140--149},
 numpages = {10},
 url = {http://dx.doi.org/10.1109/ICDE.2008.4497422},
 doi = {10.1109/ICDE.2008.4497422},
 acmid = {1547145},
 publisher = {IEEE Computer Society},
 address = {Washington, DC, USA},
} 

@inproceedings{fontes2013,
  added-at = {2013-12-05T00:00:00.000+0100},
  author = {Fontes, Vitor Cunha and de Alencar, Lucas Andre and Renso, Chiara and Bogorny, Vania},
  biburl = {http://www.bibsonomy.org/bibtex/2a32bbc02a55da875c7f0ce997af28f2e/dblp},
  booktitle = {GeoInfo},
  crossref = {conf/geoinfo/2013},
  ee = {http://www.geoinfo.info/proceedings_geoinfo2013.pdf#page=56},
  interhash = {4be99991ca4e74674476936eba659506},
  intrahash = {a32bbc02a55da875c7f0ce997af28f2e},
  keywords = {dblp},
  pages = {49-60},
  publisher = {MCT/INPE},
  timestamp = {2013-12-05T00:00:00.000+0100},
  title = {Discovering Trajectory Outliers between Regions of Interest.},
  url = {http://dblp.uni-trier.de/db/conf/geoinfo/geoinfo2013.html#FontesARB13},
  year = {2013}
}

@inproceedings{deAquino2013,
  added-at = {2013-12-05T00:00:00.000+0100},
  author = {de Aquino, Artur Ribeiro and Alvares, Luis Otávio and Renso, Chiara and Bogorny, Vania},
  biburl = {http://www.bibsonomy.org/bibtex/23ad64e208b96b688779ca141dca247f5/dblp},
  booktitle = {GeoInfo},
  crossref = {conf/geoinfo/2013},
  ee = {http://www.geoinfo.info/proceedings_geoinfo2013.pdf#page=122},
  interhash = {1a8d2a36522e93ddadcecc7a6223d4f9},
  intrahash = {3ad64e208b96b688779ca141dca247f5},
  keywords = {dblp},
  pages = {115-126},
  publisher = {MCT/INPE},
  timestamp = {2013-12-05T00:00:00.000+0100},
  title = {Towards Semantic Trajectory Outlier Detection.},
  url = {http://dblp.uni-trier.de/db/conf/geoinfo/geoinfo2013.html#AquinoARB13},
  year = 2013
}

@inproceedings{berndt94,
  added-at = {2012-12-12T00:00:00.000+0100},
  author = {Berndt, Donald J. and Clifford, James},
  biburl = {http://www.bibsonomy.org/bibtex/20d5cbbd90de8ac4781b681a8ba06517b/dblp},
  booktitle = {KDD Workshop},
  crossref = {conf/kdd/1994},
  editor = {Fayyad, Usama M. and Uthurusamy, Ramasamy},
  interhash = {5bfba6fda85ceca664d75c8e75dd7527},
  intrahash = {0d5cbbd90de8ac4781b681a8ba06517b},
  isbn = {0-929280-73-3},
  keywords = {dblp},
  pages = {359-370},
  publisher = {AAAI Press},
  timestamp = {2012-12-12T00:00:00.000+0100},
  title = {Using Dynamic Time Warping to Find Patterns in Time Series.},
  url = {http://dblp.uni-trier.de/db/conf/kdd/kdd94.html#BerndtC94},
  year = 1994
}

@inproceedings{idrissov2012,
  title={A trajectory cleaning framework for trajectory clustering},
  author={Idrissov, Agzam and Nascimento, Mario A},
  booktitle={Mobile Data Challenge (by Nokia) Workshop},
  year={2012}
}

@inproceedings{fazzinga2014,
  title={Cleaning trajectory data of RFID-monitored objects through conditioning under integrity constraints.},
  author={Fazzinga, Bettina and Flesca, Sergio and Furfaro, Filippo and Parisi, Francesco},
  booktitle={EDBT},
  pages={379--390},
  year={2014}
}

@inproceedings{pumpichet2012,
  added-at = {2012-12-06T00:00:00.000+0100},
  author = {Pumpichet, Sitthapon and Pissinou, Niki and Jin, Xinyu and Pan, Deng},
  biburl = {http://www.bibsonomy.org/bibtex/257e60351241d7b23b9b6c15037e70773/dblp},
  booktitle = {ICC},
  crossref = {conf/icc/2012},
  ee = {http://dx.doi.org/10.1109/ICC.2012.6364529},
  interhash = {7edba36f863074f54d0e1fd462e2271f},
  intrahash = {57e60351241d7b23b9b6c15037e70773},
  isbn = {978-1-4577-2052-9},
  keywords = {dblp},
  pages = {208-212},
  publisher = {IEEE},
  timestamp = {2012-12-06T00:00:00.000+0100},
  title = {Belief-based cleaning in trajectory sensor streams.},
  url = {http://dblp.uni-trier.de/db/conf/icc/icc2012.html#PumpichetPJP12},
  year = 2012
}

@inproceedings{lange2008,
 author = {Lange, Ralph and D\"{u}rr, Frank and Rothermel, Kurt},
 title = {Online Trajectory Data Reduction Using Connection-preserving Dead Reckoning},
 booktitle = {Proceedings of the 5th Annual International Conference on Mobile and Ubiquitous Systems: Computing, Networking, and Services},
 series = {Mobiquitous '08},
 year = {2008},
 isbn = {978-963-9799-27-1},
 location = {Dublin, Ireland},
 pages = {52:1--52:10},
 articleno = {52},
 numpages = {10},
 url = {http://dx.doi.org/10.4108/ICST.MOBIQUITOUS2008.3460},
 doi = {10.4108/ICST.MOBIQUITOUS2008.3460},
 acmid = {1595044},
 publisher = {ICST (Institute for Computer Sciences, Social-Informatics and Telecommunications Engineering)},
 address = {ICST, Brussels, Belgium, Belgium},
 keywords = {MOD, dead reckoning, online trajectory reduction},
} 

@inproceedings{alvares2007,
 author = {Alvares, Luis Otavio and Bogorny, Vania and Kuijpers, Bart and de Macedo, Jose Antonio Fernandes and Moelans, Bart and Vaisman, Alejandro},
 title = {A Model for Enriching Trajectories with Semantic Geographical Information},
 booktitle = {Proceedings of the 15th Annual ACM International Symposium on Advances in Geographic Information Systems},
 series = {GIS '07},
 year = {2007},
 isbn = {978-1-59593-914-2},
 location = {Seattle, Washington},
 pages = {22:1--22:8},
 articleno = {22},
 numpages = {8},
 url = {http://doi.acm.org/10.1145/1341012.1341041},
 doi = {10.1145/1341012.1341041},
 acmid = {1341041},
 publisher = {ACM},
 address = {New York, NY, USA},
 keywords = {moving objects, querying trajectories, semantic trajectories, stops and moves, trajectory data analysis},
} 

@inproceedings{bogorny2006weka,
  title={Weka-gdpm: Integrating classical data mining toolkit to geographic information systems},
  author={Bogorny, Vania and Palma, Andrey Tietbohl and Engel, Paulo and Alvares, Luis Otavio},
  booktitle={SBBD Workshop on Data Mining Algorithms and Aplications (WAAMD 2006), Florianopolis, Brasil, October},
  pages={16--20},
  year={2006}
}
